@online{betweenneess_centrality,
    author = "Wikipedia",
    title = "Betweenness centrality",
    url  = "https://en.wikipedia.org/wiki/Betweenness_centrality",
}

@online{floyd_washall,
    author = "Wikipedia",
    title = "Floyd–Warshall algorithm",
    url  = "https://en.wikipedia.org/wiki/Floyd%E2%80%93Warshall_algorithm",
}

@online{jhonson,
    author = "Wikipedia",
    title = "Johnson's algorithm",
    url  = "https://en.wikipedia.org/wiki/Johnson%27s_algorithm",
}

@online{bellman-ford,
    author = "Wikipedia",
    title = "Bellman-Ford algorithm",
    url  = "https://en.wikipedia.org/wiki/Bellman%E2%80%93Ford_algorithm",
}

@online{SPFA,
    author = "Wikipedia",
    title = "Shortest Path Faster Algorithm",
    url  = "https://en.wikipedia.org/wiki/Shortest_Path_Faster_Algorithm",
}

@article{brandes,
    author = "Ulrik Brandes",
    title = "A Faster Algorithm for Betweenness Centrality",
    journal = "Journal of Mathematical Sociology.",
    volume = "25",
    number = "2",
    pages = "163–177",
    year = "2001",
    keywords = "social networks, algorithm"
}